
@misc{audigierMicemdMultipleImputation2021,
  title = {Micemd: {{Multiple}} Imputation by Chained Equations with Multilevel Data},
  shorttitle = {Micemd},
  author = {Audigier, Vincent and {Resche-Rigon}, Matthieu},
  year = {2021},
  month = oct,
  copyright = {GPL-2 | GPL-3},
  keywords = {MissingData}
}

@article{audigierMultipleImputationMultilevel2018,
  title = {Multiple Imputation for Multilevel Data with Continuous and Binary Variables},
  author = {Audigier, Vincent and White, Ian R. and Jolani, Shahab and Debray, Thomas P. A. and Quartagno, Matteo and Carpenter, James and {van Buuren}, Stef and {Resche-Rigon}, Matthieu},
  year = {2018},
  month = may,
  journal = {Statist. Sci.},
  volume = {33},
  number = {2},
  issn = {0883-4237},
  doi = {10/gdjsjt}
}

@article{azurMultipleImputationChained2011,
  title = {Multiple Imputation by Chained Equations: {{What}} Is It and How Does It Work?: {{Multiple}} Imputation by Chained Equations},
  shorttitle = {Multiple Imputation by Chained Equations},
  author = {Azur, Melissa J. and Stuart, Elizabeth A. and Frangakis, Constantine and Leaf, Philip J.},
  year = {2011},
  month = mar,
  journal = {Int. J. Methods Psychiatr. Res.},
  volume = {20},
  number = {1},
  pages = {40--49},
  issn = {10498931},
  doi = {10/cfbxfz}
}

@article{bellTimeRequirementPollination2010,
  title = {Time Requirement from Pollination to Seed Maturity in Waterhemp ({{{\emph{Amaranthus}}}}{\emph{ Tuberculatus}})},
  author = {Bell, Michael S. and Tranel, Patrick J.},
  year = {2010},
  month = jun,
  journal = {Weed Science},
  volume = {58},
  number = {2},
  pages = {167--173},
  issn = {0043-1745, 1550-2759},
  doi = {10/c547b8},
  keywords = {Amaranthus tuberculatus (Moq.) Sauer AMATU,Dormancy,germination,pollination,seed set,seed weight,Waterhemp}
}

@article{buhlerEmergencePersistenceSeed2001,
  title = {Emergence and Persistence of Seed of Velvetleaf, Common Waterhemp, Woolly Cupgrass, and Giant Foxtail},
  author = {Buhler, Douglas D. and Hartzler, Robert G.},
  year = {2001},
  month = apr,
  journal = {Weed Science},
  volume = {49},
  number = {2},
  pages = {230--235},
  issn = {0043-1745, 1550-2759},
  doi = {10/dmnt6f}
}

@article{buhlerImplicationsWeedSeedbank1997,
  title = {Implications of Weed Seedbank Dynamics to Weed Management},
  author = {Buhler, Douglas D. and Hartzler, Robert G. and Forcella, Frank},
  year = {1997},
  journal = {Weed Science},
  volume = {45},
  number = {3},
  pages = {329--336},
  issn = {0043-1745},
  keywords = {üîçNo DOI found}
}

@misc{buhlerRelativeEmergenceSequence2008,
  title = {Relative Emergence Sequence for Weeds of Corn and Soybeans},
  author = {Buhler, Douglas D. and Hartzler, Robert G. and Forcella, Frank and Gunsolus, Jeffrey},
  year = {2008},
  publisher = {{Iowa State University, University Extension}}
}

@misc{buurenMiceMultivariateImputation2021,
  title = {Mice: Multivariate Imputation by Chained Equations},
  shorttitle = {Mice},
  author = {van Buuren, Stef and {Groothuis-Oudshoorn}, Karin and Vink, Gerko and Schouten, Rianne and Robitzsch, Alexander and Rockenschaub, Patrick and Doove, Lisa and Jolani, Shahab and {Moreno-Betancur}, Margarita and White, Ian and Gaffert, Philipp and Meinfelder, Florian and Gray, Bernie and {Arel-Bundock}, Vincent and Cai, Mingyang and Volker, Thom and Costantini, Edoardo and van Lissa, Caspar},
  year = {2021},
  month = nov,
  copyright = {GPL-2 | GPL-3}
}

@misc{cantyBootBootstrapFunctions2021,
  title = {Boot: {{Bootstrap}} Functions ({{Originally}} by {{Angelo Canty}} for {{S}})},
  shorttitle = {Boot},
  author = {Canty, Angelo and Ripley, Brian},
  year = {2021},
  month = may,
  copyright = {Unlimited}
}

@article{cordeauLegacyEffectsContrasting2022,
  title = {Legacy {{Effects}} of {{Contrasting Long-Term Integrated Weed Management Systems}}},
  author = {Cordeau, St{\'e}phane and Baudron, Auxence and Busset, Hugues and Farcy, Pascal and Vieren, Eric and Smith, Richard G. and {Munier-Jolain}, Nicolas and Adeux, Guillaume},
  year = {2022},
  month = jan,
  journal = {Front. Agron.},
  volume = {3},
  pages = {769992},
  issn = {2673-3218},
  doi = {10.3389/fagro.2021.769992}
}

@article{costeaBiologyInvasiveAlien2005,
  title = {The Biology of Invasive Alien Plants in {{Canada}}. 3. {{{\emph{Amaranthus tuberculatus }}}} ({{Moq}}.) {{Sauer}} Var. {{{\emph{rudis}}}} ({{Sauer}}) {{Costea}} \& {{Tardif}}},
  author = {Costea, Mihai and Weaver, Susan E and Tardif, Fran{\c c}ois J.},
  year = {2005},
  month = apr,
  journal = {Can. J. Plant Sci.},
  volume = {85},
  number = {2},
  pages = {507--522},
  issn = {0008-4220},
  doi = {10/b75t54}
}

@incollection{crawleyProportionData2013,
  title = {Proportion Data},
  shorttitle = {Chapter 16},
  booktitle = {The {{R Book}}},
  author = {Crawley, Michael J.},
  year = {2013},
  edition = {Second},
  pages = {628--649},
  publisher = {{Wiley}},
  address = {{West Sussex, United Kingdom}},
  isbn = {978-0-470-97392-9}
}

@article{davisCroppingSystemEffects2003,
  title = {Cropping System Effects on Giant Foxtail ({{{\emph{Setaria faberi}}}}) Demography: {{I}}. {{Green}} Manure and Tillage Timing},
  shorttitle = {Cropping System Effects on Giant Foxtail ({{Setaria}} Faberi) Demography},
  author = {Davis, Adam S. and Liebman, Matt},
  year = {2003},
  month = dec,
  journal = {Weed Science},
  volume = {51},
  number = {6},
  pages = {919--929},
  issn = {0043-1745, 1550-2759},
  doi = {10/bxq7q8},
  keywords = {allelopathy,arthropod activity-density,corn,dormancy,fecundity,Giant foxtail,Glycine max (L.) Merr. ‚ÄòIA 2039‚Äô,integrated weed management,postdispersal seed predation,red clover,seedbank dynamics,seedling recruitment,Setaria faberi Herrm. SETFA,Soil organic amendments,soybean,spring wheat,Trifolium pratense L. ‚ÄòCherokee‚Äô,Triticum aestivum L. ‚ÄòSharp‚Äô,Zea mays L. ‚ÄòPioneer 3512‚Äô}
}

@article{davisIncreasingCroppingSystem2012,
  title = {Increasing Cropping System Diversity Balances Productivity, Profitability and Environmental Health},
  author = {Davis, Adam S. and Hill, Jason D. and Chase, Craig A. and Johanns, Ann M. and Liebman, Matt},
  year = {2012},
  month = oct,
  journal = {PLOS ONE},
  volume = {7},
  number = {10},
  pages = {e47149},
  issn = {1932-6203},
  doi = {10/f39nr2},
  keywords = {Biodiversity,Cereal crops,Crops,Fertilizers,Herbicides,Maize,Soybean,Weeds},
  file = {/Users/huongnguyen/Zotero/storage/CCVT2VSC/Davis et al. - 2012 - Increasing Cropping System Diversity Balances Prod.pdf}
}

@article{davisWeedSeedPools2008,
  title = {Weed Seed Pools Concurrent with Corn and Soybean Harvest in {{Illinois}}},
  author = {Davis, Adam S.},
  year = {2008},
  month = aug,
  journal = {Weed Science},
  volume = {56},
  number = {4},
  pages = {503--508},
  issn = {0043-1745, 1550-2759},
  doi = {10/bmncpf},
  keywords = {(L.) Jacq. IPOHE,(L.) Merr,/span\&gt,\&gt,\&lt,Abutilon theophrasti\&lt,Amaranthus retroflexus\&lt,Amaranthus rudis\&lt,Common cocklebur,common waterhemp,community structure,corn,giant foxtail,Glycine max\&lt,Herrm. SETFA,Ipomoea hederacea\&lt,italic\&\#39,ivyleaf morningglory,L,L. AMARE,L. SIDSP,L. XANST,Medik. ABUTH,prickly sida,redroot pigweed,risk analysis,Sauer AMATA,seed bank replenishment,Seed rain,Setaria faberi\&lt,Sida spinosa\&lt,soybean,span class=\&\#39,velvetleaf,Xanthium strumarium\&lt,Zea mays\&lt},
  file = {/Users/huongnguyen/Zotero/storage/VSP8UH7L/Davis - 2008 - Weed Seed Pools Concurrent with Corn and Soybean H.pdf}
}

@inproceedings{dixonShouldBlocksBe2016,
  title = {Should Blocks Be Fixed or Random?},
  booktitle = {Conference on {{Applied Statistics}} in {{Agriculture}}},
  author = {Dixon, Philip},
  year = {2016},
  publisher = {{New Prairie Press}},
  address = {{Manhattan, Kansas}},
  doi = {10.4148/2475-7772.1474},
  langid = {english}
}

@article{dykeSuppressionCouchGrass1976,
  title = {Suppression of Couch Grass by {{Italian}} Ryegrass and Broad Red Clover Undersown in Barley and Field Beans},
  author = {Dyke, G. V. and Barnard, A. J.},
  year = {1976},
  month = aug,
  journal = {J. Agric. Sci.},
  volume = {87},
  number = {1},
  pages = {123--126},
  issn = {0021-8596, 1469-5146},
  doi = {10/dg8cjk}
}

@article{fieldComparativeAnalysesSexratio2013,
  ids = {fieldCOMPARATIVEANALYSESSEXRATIO2013},
  title = {Comparative Analyses of Sex-Ratio Variation in Dioecious Flowering Plants},
  author = {Field, David L. and Pickup, Melinda and Barrett, Spencer C. H.},
  year = {2013},
  month = mar,
  journal = {Evolution},
  volume = {67},
  number = {3},
  pages = {661--672},
  publisher = {{Society for the Study of Evolution}},
  issn = {1558-5646},
  doi = {10/f4qsnr},
  pmid = {23461317},
  keywords = {Flowers,Linear Models,Magnoliopsida,Phylogeny,Sex Ratio}
}

@article{gallandtEffectCovercroppingSystems2005,
  title = {Effect of Cover-Cropping Systems on Invertebrate Seed Predation},
  author = {Gallandt, Eric R. and Molloy, Thomas and Lynch, Ryan P. and Drummond, Francis A.},
  year = {2005},
  month = feb,
  journal = {Weed Science},
  volume = {53},
  number = {1},
  pages = {69--76},
  issn = {0043-1745, 1550-2759},
  doi = {10/bj4v3z},
  keywords = {(DC.) L.C. Wheeler SINAR,(L.) Beauv. SETLU,(Raf.) Blake GASCI,/span\&gt,\&gt,\&lt,Abutilon theophrasti\&lt,Amaranthus retroflexus\&lt,Biological control,Brassica kaber\&lt,Carabidae,Chenopodium album\&lt,Common lambsquarters,Galinsoga ciliata\&lt,hairy galinsoga,Harpalus rufipes\&lt,invertebrates,italic\&\#39,L. AMARE,L. CHEAL,L. TRFPR,Medicus ABUTH,red clover,redroot pigweed,seed predation,seedbank dynamics,Setaria glauca\&lt,span class=\&\#39,Trifolium pratense\&lt,velvetleaf,wild mustard,yellow foxtail},
  file = {/Users/huongnguyen/Zotero/storage/5YP63YC8/Gallandt et al. - 2005 - Effect of cover-cropping systems on invertebrate s.pdf}
}

@misc{goodeGgResidpanelPanelsInteractive2019,
  title = {{{ggResidpanel}}: {{Panels}} and Interactive Versions of Diagnostic Plots Using 'Ggplot2'},
  shorttitle = {Ggresidpanel},
  author = {Goode, Katherine and Rey, Kathleen},
  year = {2019},
  month = may,
  copyright = {MIT + file LICENSE}
}

@article{grantCytogeneticStudiesAmaranthus1959,
  title = {Cytogenetic Studies in {{Amaranthus}}: {{I}}. {{Cytological}} Aspects of Sex Determination in Dioecious Species},
  shorttitle = {Cytogenetic {{Studies}} in {{Amaranthus}}},
  author = {Grant, William F.},
  year = {1959},
  month = may,
  journal = {Can. J. Bot.},
  volume = {37},
  number = {3},
  pages = {413--417},
  issn = {0008-4026},
  doi = {10/cvdprn}
}

@article{hagerCommonWaterhempAmaranthus2002a,
  title = {Common Waterhemp ({{{\emph{Amaranthus rudis}}}}) Interference in Soybean},
  author = {Hager, Aaron G. and Wax, Loyd M. and Stoller, Edward W. and Bollero, Germ{\'a}n A.},
  year = {2002},
  month = sep,
  journal = {Weed Science},
  volume = {50},
  number = {5},
  pages = {607--610},
  issn = {0043-1745, 1550-2759},
  doi = {10/fp5qsm}
}

@article{harburLightGrowthRate2004,
  title = {Light and Growth Rate Effects on Crop and Weed Responses to Nitrogen},
  author = {Harbur, Matthew M. and Owen, Micheal D. K.},
  year = {2004},
  month = aug,
  journal = {Weed Science},
  volume = {52},
  number = {4},
  pages = {578--583},
  issn = {0043-1745, 1550-2759},
  doi = {10/cnnw78},
  keywords = {(DC.) L. C. Wheeler SINAR,(Thunb.) Kunth ERBVI,/span\&gt,\&gt,\&lt,Abutilon theophrasti\&lt,Amaranthus rudis\&lt,Brassica kaber\&lt,Chenopodium album\&lt,Common lambsquarters,common waterhemp,corn,Eriochloa villosa\&lt,giant foxtail,Glycine max\&lt,Herrm. SETFA,italic\&\#39,L. CHEAL,L. GLYMX,Leaf area,Medicus ABUTH,relative growth rate,Sauer AMATA,seed weight,Setaria faberi\&lt,shading,soybean,span class=\&\#39,velvetleaf,wild mustard,woolly cupgrass,Zea mays\&lt,ZEAMA},
  file = {/Users/huongnguyen/Zotero/storage/5KAYH2LE/Harbur and Owen - 2004 - Light and growth rate effects on crop and weed res.pdf}
}

@article{hartzlerEffectCommonWaterhemp2004,
  title = {Effect of Common Waterhemp ({{{\emph{Amaranthus rudis}}}}) Emergence Date on Growth and Fecundity in Soybean},
  author = {Hartzler, Robert G. and Battles, Bruce A. and Nordby, Dawn},
  year = {2004},
  month = apr,
  journal = {Weed Science},
  volume = {52},
  number = {2},
  pages = {242--245},
  issn = {0043-1745, 1550-2759},
  doi = {10/cmhpxk},
  keywords = {Amaranthus rudis Sauer AMATA,AMATA,Common waterhemp,critical period,delayed emergence,fecundity,Glycine max (L.) Merr,soybean}
}

@misc{heapHerbicideResistantTall2021,
  title = {Herbicide Resistant Tall Waterhemp Globally ({{{\emph{Amaranthus tuberculatus }}}}(={{A}}. Rudis))},
  author = {Heap, Ian M.},
  year = {2021},
  journal = {The International Survey of Herbicide Resistant Weeds},
  copyright = {Copyright \textcopyright{} 1993- 2021 WeedScience.org All rights reserved. Fair use of this material is encouraged. Proper citation is requested.},
  howpublished = {http://www.weedscience.org/Summary/Species.aspx}
}

@article{heggenstallerSeasonalPatternsPostdispersal2006,
  title = {Seasonal Patterns in Post-Dispersal Seed Predation of {{Abutilon}} Theophrasti and {{Setaria}} Faberi in Three Cropping Systems},
  author = {Heggenstaller, Andrew H. and Menalled, Fabian D. and Liebman, Matt and Westerman, Paula R.},
  year = {2006},
  month = oct,
  journal = {Journal of Applied Ecology},
  volume = {43},
  number = {5},
  pages = {999--1010},
  issn = {1365-2664},
  doi = {10/bk6ccs},
  keywords = {crop phenology,crop rotation,ecological weed management,habitat quality,vegetative cover,weed seed predation},
  file = {/Users/huongnguyen/Zotero/storage/KE7BW92M/Heggenstaller et al. - 2006 - Seasonal patterns in post-dispersal seed predation.pdf}
}

@article{heneghanGrowthDevelopmentFive2017,
  title = {The Growth and Development of Five Waterhemp ({{{\emph{Amaranthus tuberculatus}}}}) Populations in a Common Garden},
  author = {Heneghan, Joseph M. and Johnson, William G.},
  year = {2017},
  month = mar,
  journal = {Weed Science},
  volume = {65},
  number = {2},
  pages = {247--255},
  issn = {1550-2759},
  doi = {10/f93hz9}
}

@article{horakGrowthAnalysisFour2000,
  title = {Growth Analysis of Four {{Amaranthus}} Species},
  author = {Horak, Michael J. and Loughin, Thomas M.},
  year = {2000},
  journal = {Weed Science},
  volume = {48},
  number = {3},
  pages = {347--355},
  issn = {0043-1745},
  doi = {10/dfvnmm}
}

@article{huarteUnderstandingMechanismsReduced2003,
  title = {Understanding Mechanisms of Reduced Annual Weed Emergence in Alfalfa},
  author = {Huarte, H. R. and Arnold, R. L. Benech},
  year = {2003},
  month = dec,
  journal = {Weed Science},
  volume = {51},
  number = {6},
  pages = {876--885},
  issn = {0043-1745, 1550-2759},
  doi = {10/fd3d6g},
  keywords = {‚ÄòZeneca 990‚Äô,(Savi) Ten. CIRVU,/span\&gt,\&gt,\&lt,alfalfa,Amaranthus quitensis\&lt,Brassica campestris\&lt,Bull thistle,Carduus acanthoides\&lt,Cirsium vulgare\&lt,cotton thistle,Cultural weed control,curly dock,H.B.K. AMAQU,integrated weed management systems,italic\&\#39,L. BRSRA,L. CRUAC,L. ONRAC,L. RUMCR,L. SSYAL,L.‚ÄòZeneca 420‚Äô,Medicago sativa\&lt,mustard,Onopordum acanthium\&lt,pigweed,plumeless thistle,Rumex crispus\&lt,Sisymbrium alt√≠ssimum\&lt,span class=\&\#39,tall rocket,weed germination},
  file = {/Users/huongnguyen/Zotero/storage/FS8YY54R/Huarte and Arnold - 2003 - Understanding mechanisms of reduced annual weed em.pdf}
}

@article{huntFossilEnergyUse2020,
  title = {Fossil Energy Use, Climate Change Impacts, and Air Quality-Related Human Health Damages of Conventional and Diversified Cropping Systems in {{Iowa}}, {{USA}}},
  author = {Hunt, Natalie D. and Liebman, Matt and Thakrar, Sumil K. and Hill, Jason D.},
  year = {2020},
  month = sep,
  journal = {Environ. Sci. Technol.},
  volume = {54},
  number = {18},
  pages = {11002--11014},
  publisher = {{American Chemical Society}},
  issn = {0013-936X},
  doi = {10/gkc28b}
}

@article{johnsonInfluenceGlyphosateresistantCropping2009,
  title = {Influence of Glyphosate-Resistant Cropping Systems on Weed Species Shifts and Glyphosate-Resistant Weed Populations},
  author = {Johnson, William G. and Davis, Vince M. and Kruger, Greg R. and Weller, Stephen C.},
  year = {2009},
  month = oct,
  journal = {European Journal of Agronomy},
  series = {Glyphosate {{Interactions}} with {{Physiology}}, {{Nutrition}}, and {{Diseases}} of {{Plants}}: {{Threat}} to {{Agricultural Sustainability}}?},
  volume = {31},
  number = {3},
  pages = {162--172},
  issn = {1161-0301},
  doi = {10/dxmb34},
  keywords = {Glyphosate,Glyphosate-resistant weeds,Herbicide-resistant weeds,Weed specie shifts}
}

@article{juvanySexrelatedDifferencesStress2015,
  title = {Sex-Related Differences in Stress Tolerance in Dioecious Plants: A Critical Appraisal in a Physiological Context},
  shorttitle = {Sex-Related Differences in Stress Tolerance in Dioecious Plants},
  author = {Juvany, Marta and {Munn{\'e}-Bosch}, Sergi},
  year = {2015},
  month = oct,
  journal = {EXBOTJ},
  volume = {66},
  number = {20},
  pages = {6083--6092},
  issn = {0022-0957, 1460-2431},
  doi = {10/f73m7x}
}

@article{korresPalmerAmaranthAmaranthus2017,
  title = {Palmer Amaranth ({{{\emph{Amaranthus palmeri}}}}) Demographic and Biological Characteristics in Wide-Row Soybean},
  author = {Korres, Nicholas E. and Norsworthy, Jason K.},
  year = {2017},
  month = jul,
  journal = {Weed Science},
  volume = {65},
  number = {4},
  pages = {491--503},
  issn = {1550-2759},
  doi = {10/gbshrk},
  keywords = {Amaranthus palmeri S. Wats.,Cluster analysis,cohort analysis,fecundity,flowering,Glycine max (L.) Merr,life table analysis,male-to-female sex ratio,Palmer amaranth,phenology,soybean,weed population dynamics}
}

@article{laniniFightWeedsIncrease1992,
  title = {Fight Weeds and Increase Forage: {{Using}} Oats as a Companion Crop in Establishing Alfalfa},
  shorttitle = {Fight {{Weeds}} and {{Increase Forage}}},
  author = {Lanini, W. Thomas and Orloff, Steve B. and Vargas, Ronald N. and Orr, Jack P.},
  year = {1992},
  month = jul,
  journal = {California Agriculture},
  volume = {46},
  number = {4},
  pages = {25--27},
  issn = {0008-0845},
  doi = {10/ghknp2}
}

@misc{lenthEmmeansEstimatedMarginal2021,
  title = {Emmeans: {{Estimated}} Marginal Means, Aka Least-Squares Means},
  shorttitle = {Emmeans},
  author = {Lenth, Russell V. and Buerkner, Paul and Herve, Maxime and Love, Jonathon and Riebl, Hannes and Singmann, Henrik},
  year = {2021},
  month = nov,
  copyright = {GPL-2 | GPL-3}
}

@article{liebmanCroppingSystemRedesign2020,
  title = {Cropping System Redesign for Improved Weed Management: {{A}} Modeling Approach Illustrated with Giant Ragweed ({{{\emph{Ambrosia}}}}{\emph{ Trifida}})},
  shorttitle = {Cropping {{System Redesign}} for {{Improved Weed Management}}},
  author = {Liebman, Matt and Nichols, Virginia A.},
  year = {2020},
  month = feb,
  journal = {Agronomy},
  volume = {10},
  number = {2},
  pages = {262},
  publisher = {{Multidisciplinary Digital Publishing Institute}},
  doi = {10/ggrj25},
  copyright = {http://creativecommons.org/licenses/by/3.0/}
}

@article{liebmanCropRotationIntercropping1993,
  title = {Crop Rotation and Intercropping Strategies for Weed Management},
  author = {Liebman, Matt and Dyck, Elizabeth},
  year = {1993},
  month = feb,
  journal = {Ecol Appl},
  volume = {3},
  number = {1},
  pages = {92--122},
  issn = {1051-0761},
  doi = {10/db45cm},
  pmid = {27759234}
}

@article{liebmanFatesSetariaFaberi2014,
  ids = {liebmanFatesSetariaFaberi2014a},
  title = {Fates of {{{\emph{Setaria faberi}}}} and {{{\emph{Abutilon theophrasti}}}} Seeds in Three Crop Rotation Systems},
  author = {Liebman, Matt and Miller, Z. J. and Williams, C. L. and Westerman, P. R. and Dixon, P. M. and Heggenstaller, A. and Davis, A. S. and Menalled, F. D. and Sundberg, D. N.},
  year = {2014},
  month = jun,
  journal = {Weed Research},
  volume = {54},
  number = {3},
  pages = {293--306},
  issn = {1365-3180},
  doi = {10/f5zjjc},
  copyright = {\textcopyright{} 2014 European Weed Research Society},
  keywords = {crop rotation,giant foxtail,seed mortality,seedbank dynamics,seedling emergence,velvet leaf,weeds}
}

@incollection{liebmanManyLittleHammers1997,
  title = {Many Little Hammers: {{Ecological}} Management of Crop-Weed Interactions},
  shorttitle = {9 - {{Many Little Hammers}}},
  booktitle = {Ecology in {{Agriculture}}},
  author = {Liebman, Matt and Gallandt, Eric R.},
  editor = {Jackson, Louise E.},
  year = {1997},
  series = {Physiological {{Ecology}}},
  pages = {291--343},
  publisher = {{Academic Press}},
  doi = {10.1016/B978-012378260-1/50010-5},
  isbn = {978-0-12-378260-1}
}

@incollection{liebmanSustainableWeedManagement1990,
  title = {Sustainable Weed Management Practices},
  booktitle = {Sustainable Agriculture in Temperate Zones},
  author = {Liebman, Matt and Janke, Rhonda R.},
  editor = {Francis, Charles A. and Flora, Cornelia Butler and King, Larry D.},
  year = {1990},
  pages = {111--143},
  publisher = {{John Wiley \& Sons}},
  address = {{New York, NY}},
  isbn = {0-471-62227-3}
}

@article{liebmanWeedSeedbankDiversity2021,
  title = {Weed Seedbank Diversity and Sustainability Indicators for Simple and More Diverse Cropping Systems},
  author = {Liebman, Matt and Nguyen, Huong T. X. and Woods, Matthew M. and Hunt, Natalie D. and Hill, Jason D.},
  editor = {Storkey, Jonathan},
  year = {2021},
  month = jun,
  journal = {Weed Res},
  volume = {61},
  number = {3},
  pages = {164--177},
  issn = {0043-1737, 1365-3180},
  doi = {10/ghz5bj},
  langid = {english}
}

@article{maclarenEcologicalFutureWeed2020,
  title = {An Ecological Future for Weed Science to Sustain Crop Production and the Environment. {{A}} Review},
  author = {MacLaren, Chloe and Storkey, Jonathan and Menegat, Alexander and Metcalfe, Helen and {Dehnen-Schmutz}, Katharina},
  year = {2020},
  month = aug,
  journal = {Agron. Sustain. Dev.},
  volume = {40},
  number = {4},
  pages = {24},
  issn = {1774-0746, 1773-0155},
  doi = {10/gh28rg}
}

@article{martinEffectCropRotation1993,
  title = {Effect of Crop Rotation, Tillage Practice, and Herbicides on the Population Dynamics of Wild Oats in Wheat.},
  author = {Martin, R. J. and Felton, W. L.},
  year = {1993},
  journal = {Australian Journal of Experimental Agriculture},
  volume = {33},
  number = {2},
  pages = {159--165},
  issn = {0816-1089}
}

@article{menalledImpactCompostedSwine2004,
  title = {Impact of Composted Swine Manure and Tillage on Common Waterhemp ({{{\emph{Amaranthus}}}}{\emph{ Rudis}}) Competition with Soybean},
  author = {Menalled, Fabi{\'a}n D. and Liebman, Matt and Buhler, Douglas D.},
  year = {2004},
  month = aug,
  journal = {Weed Science},
  volume = {52},
  number = {4},
  pages = {605--613},
  issn = {0043-1745, 1550-2759},
  doi = {10/dp4572},
  keywords = {Amaranthus rudis Sauer AMATA,Common waterhemp,Compost,crop‚Äìweed competition,fecundity,Glycine max (L.) Merr,soybean,tillage regime}
}

@techreport{mesgaranSexLabilityDimorphism2019,
  type = {Preprint},
  title = {Sex Lability and Dimorphism in Dioecious {{Palmer}} Amaranth ({{{\emph{Amaranthus}}}}{\emph{ Palmeri}})},
  author = {Mesgaran, Mohsen B. and Matzrafi, Maor and Ohadi, Sara},
  year = {2019},
  month = sep,
  institution = {{Plant Biology}},
  doi = {10.1101/769935}
}

@article{millerAllelopathyForageCrop1996,
  title = {Allelopathy in Forage Crop Systems},
  author = {Miller, Darrell A.},
  year = {1996},
  month = nov,
  journal = {Agron.j.},
  volume = {88},
  number = {6},
  pages = {854--859},
  issn = {0002-1962, 1435-0645},
  doi = {10/d3t7wn}
}

@article{montgomeryMaleSpecificChromosomal2021,
  title = {Male-specific {{Y}}-chromosomal Regions in Waterhemp ({{{\emph{Amaranthus}}}}{\emph{ Tuberculatus}}) and {{Palmer}} Amaranth ({{{\emph{Amaranthus}}}}{\emph{ Palmeri}})},
  author = {Montgomery, Jacob S. and Giacomini, Darci A. and Weigel, Detlef and Tranel, Patrick J.},
  year = {2021},
  month = mar,
  journal = {New Phytol},
  volume = {229},
  number = {6},
  pages = {3522--3533},
  issn = {0028-646X, 1469-8137},
  doi = {10/gjpz5c}
}

@misc{nguyenDataImpactCropping2022,
  title = {Data for: {{Impact}} of Cropping System Diversification on Vegetative and Reproductive Characteristics of Waterhemp ({{{\emph{A. tuberculatus}}}})},
  author = {Nguyen, Huong T. X. and Liebman, Matt},
  year = {2022},
  publisher = {{Iowa State University, Data Share}},
  copyright = {CC BY 4.0}
}

@article{nguyenModelCheckingMultiple2017,
  title = {Model Checking in Multiple Imputation: {{An}} Overview and Case Study},
  shorttitle = {Model Checking in Multiple Imputation},
  author = {Nguyen, Cattram D. and Carlin, John B. and Lee, Katherine J.},
  year = {2017},
  month = aug,
  journal = {Emerging Themes in Epidemiology},
  volume = {14},
  number = {1},
  pages = {8},
  issn = {1742-7622},
  doi = {10/gf5jh4},
  keywords = {Cross-validation,Diagnostics,Missing data,Model checking,Multiple imputation,Posterior predictive checking}
}

@article{nguyenWeedCommunityComposition2022,
  title = {Weed Community Composition in Simple and More Diverse Cropping Systems},
  author = {Nguyen, Huong T. X. and Liebman, Matt},
  year = {2022},
  journal = {Front. Agron.},
  doi = {10.3389/fagro.2022.848548}
}

@article{nordbyInfluenceCornCommon2004,
  title = {Influence of Corn on Common Waterhemp ({{{\emph{Amaranthus rudis}}}}) Growth and Fecundity},
  author = {Nordby, Dawn E. and Hartzler, Robert G.},
  year = {2004},
  month = apr,
  journal = {Weed Science},
  volume = {52},
  number = {2},
  pages = {255--259},
  issn = {0043-1745, 1550-2759},
  doi = {10.1614/WS-03-060R}
}

@article{payneDesignAnalysisLong2015,
  title = {The Design and Analysis of Long-term Rotation Experiments},
  author = {Payne, Roger William},
  year = {2015},
  month = mar,
  journal = {Agronomy Journal},
  volume = {107},
  number = {2},
  pages = {772--785},
  issn = {00021962},
  doi = {10/f673ct}
}

@misc{pinheroNlmeLinearNonlinear2021,
  title = {Nlme: {{Linear}} and Nonlinear Mixed Effects Models},
  shorttitle = {Nlme},
  author = {Pinhero, Jos{\'e} and Bates, Douglas and Debroy, Saikat and Sarkar, Deepayan and Heisterkamp, Siem and Van Willigen, Bert and Ranke, Johannes and {R-core}},
  year = {2021},
  month = feb,
  copyright = {GPL-2 | GPL-3 | file LICENCE [expanded from: GPL ({$\geq$} 2) | file LICENCE]}
}

@article{prattAmaranthusRudisTuberculatus2001,
  title = {{{{\emph{ Amaranthus rudis}}}} and {{{\emph{A. tuberculatus}}}}, {{One}} Species or Two?},
  author = {Pratt, Donald B. and Clark, Lynn G.},
  year = {2001},
  journal = {The Journal of the Torrey Botanical Society},
  volume = {128},
  number = {3},
  pages = {282--296},
  publisher = {{Torrey Botanical Society}},
  issn = {1095-5674},
  doi = {10/drxbzj}
}

@article{princeBenchmarkStudyIV2012,
  title = {Benchmark Study: {{IV}}. {{Survey}} of Grower Practices for Managing Glyphosate-Resistant Weed Populations},
  shorttitle = {Benchmark {{Study}}},
  author = {Prince, Joby M. and Shaw, David R. and Givens, Wade A. and Owen, Micheal D. K. and Weller, Stephen C. and Young, Bryan G. and Wilson, Robert G. and Jordan, David L.},
  year = {2012},
  month = sep,
  journal = {Weed Technology},
  volume = {26},
  number = {3},
  pages = {543--548},
  issn = {0890-037X, 1550-2740},
  doi = {10/f37vn9}
}

@misc{rdevelopmentcoreteamLanguageEnvironmentStatistical2021,
  title = {R: {{A}} Language and Environment for Statistical Computing},
  author = {{R Development Core Team}},
  year = {2021},
  month = nov,
  address = {{Vienna, Austria}},
  howpublished = {R Foundation for Statistical Computing},
  isbn = {3-900051-07-0}
}

@techreport{samsonChoiceManagementCover1990,
  type = {Final Report},
  title = {Choice and Management of Cover Crop Species and Varieties for Use in Row Crop Dominant Rotations},
  author = {Samson, Roger and Foulds, Chantal and Patriquin, David},
  year = {1990},
  pages = {100},
  institution = {{University of Guelph}}
}

@misc{schonbeckEcologicalUnderstandingWeeds2020,
  title = {{An ecological understanding of weeds}},
  author = {Schonbeck, Mark},
  year = {2020},
  month = jan,
  journal = {eOrganic},
  langid = {English (US)}
}

@article{singhAllelopathicInteractionsAllelochemicals2003,
  title = {Allelopathic Interactions and Allelochemicals: New Possibilities for Sustainable Weed Management},
  shorttitle = {Allelopathic {{Interactions}} and {{Allelochemicals}}},
  author = {Singh, H. P. and Batish, Daizy R. and Kohli, R.K.},
  year = {2003},
  month = may,
  journal = {Critical Reviews in Plant Sciences},
  volume = {22},
  number = {3-4},
  pages = {239--311},
  issn = {0735-2689, 1549-7836},
  doi = {10/cns78q}
}

@article{steckelCommonWaterhempAmaranthus2004,
  title = {Common Waterhemp ({{{\emph{Amaranthus rudis}}}}) Interference in Corn},
  author = {Steckel, Lawrence E. and Sprague, Christy L.},
  year = {2004},
  month = may,
  journal = {wees},
  volume = {52},
  number = {3},
  pages = {359--364},
  issn = {0043-1745, 1550-2759},
  doi = {10/frc847}
}

@article{tranelHerbicideResistanceAmaranthus2021,
  title = {Herbicide Resistance in {{{\emph{Amaranthus tuberculatus}}}}},
  shorttitle = {Herbicide Resistance In},
  author = {Tranel, Patrick J},
  year = {2021},
  month = jan,
  journal = {Pest Manag Sci},
  volume = {77},
  number = {1},
  pages = {43--54},
  issn = {1526-498X, 1526-4998},
  doi = {10/gjpz5w},
  langid = {english}
}

@book{uvaWeedsNortheast1997,
  title = {Weeds of the {{Northeast}}},
  author = {Uva, Richard H. and Neal, Joseph C. and Ditomaso, Joseph M.},
  year = {1997},
  month = may,
  publisher = {{Cornell University Press}},
  address = {{Ithaca, NY}},
  isbn = {978-0-8014-8334-9}
}

@book{vanbuurenFlexibleImputationMissing2018,
  title = {{Flexible imputation of missing data}},
  author = {{van Buuren}, Stef},
  year = {2018},
  series = {{Chapman and Hall/CRC interdisciplinary statistics series}},
  edition = {Second edition},
  publisher = {{CRC Press, Taylor \& Francis Group}},
  address = {{Boca Raton}},
  isbn = {978-1-138-58831-8},
  langid = {English (United States), en-US},
  lccn = {QA278 .B88 2018}
}

@article{vanbuurenMiceMultivariateImputation2011,
  title = {{\textbf{Mice}} : {{Multivariate}} Imputation by Chained Equations in {{{\emph{R}}}}},
  shorttitle = {{\textbf{Mice}}},
  author = {{van Buuren}, Stef and {Groothuis-Oudshoorn}, Karin},
  year = {2011},
  journal = {J. Stat. Soft.},
  volume = {45},
  number = {3},
  issn = {1548-7660},
  doi = {10/gbw279}
}

@article{vanderlaatPostdispersalWeedSeed2015,
  title = {Postdispersal Weed Seed Predation and Invertebrate Activity Density in Three Tillage Regimes},
  author = {{van der Laat}, Rocio and Owen, Micheal D. K. and Liebman, Matt and Leon, Ramon G.},
  year = {2015},
  month = dec,
  journal = {Weed Science},
  volume = {63},
  number = {4},
  pages = {828--838},
  issn = {0043-1745, 1550-2759},
  doi = {10/gddc93},
  keywords = {(L.) Merr.,(Moq.) Sauer.,/span\&gt,\&gt,\&lt,Abutilon theophrasti\&lt,Amaranthus tuberculatus\&lt,Biological control,Chenopodium album\&lt,Common lambsquarters,common waterhemp,corn,field crickets,giant foxtail,Glycine max\&lt,ground beetles,Herrm.,integrated weed management,italic\&\#39,L.,Medik.,seedbank,Setaria faberi\&lt,soybean,span class=\&\#39,velvetleaf,Zea mays\&lt},
  file = {/Users/huongnguyen/Zotero/storage/7ZB5AUZQ/Laat et al. - 2015 - Postdispersal Weed Seed Predation and Invertebrate.pdf}
}

@article{weisbergerDoesDiversifyingCrop2019,
  title = {Does Diversifying Crop Rotations Suppress Weeds? {{A}} Meta-Analysis},
  shorttitle = {Does Diversifying Crop Rotations Suppress Weeds?},
  author = {Weisberger, David and Nichols, Virginia and Liebman, Matt},
  editor = {Sainju, Upendra M.},
  year = {2019},
  month = jul,
  journal = {PLoS ONE},
  volume = {14},
  number = {7},
  pages = {e0219847},
  issn = {1932-6203},
  doi = {10/gh28qh}
}

@article{westermanAreManyLittle2005,
  title = {Are Many Little Hammers Effective? {{Velvetleaf}} ({{{\emph{ Abutilon theophrasti}}}}) Population Dynamics in Two- and Four-Year Crop Rotation Systems},
  shorttitle = {Are Many Little Hammers Effective?},
  author = {Westerman, Paula R. and Liebman, Matt and Menalled, Fabi{\'a}n D. and Heggenstaller, Andrew H. and Hartzler, Robert G. and Dixon, Philip M.},
  year = {2005},
  month = jun,
  journal = {Weed Science},
  volume = {53},
  number = {3},
  pages = {382--392},
  issn = {0043-1745, 1550-2759},
  doi = {10/bgc2x2},
  keywords = {Abutilon theophrasti Medicus ABUTH,alfalfa,corn,Crop rotation,Glycine max (L.) Merr.,matrix population models,Medicago sativa L.,seed predation,soybean,triticale,Triticosecale spp.,Velvetleaf,weed population dynamics,Zea mays L.}
}

@article{whiteMultipleImputationUsing2011,
  title = {Multiple Imputation Using Chained Equations: {{Issues}} and Guidance for Practice},
  shorttitle = {Multiple Imputation Using Chained Equations},
  author = {White, Ian R. and Royston, Patrick and Wood, Angela M.},
  year = {2011},
  month = feb,
  journal = {Stat Med},
  volume = {30},
  number = {4},
  pages = {377--399},
  issn = {1097-0258},
  doi = {10/cmwhtz},
  pmid = {21225900},
  keywords = {Adolescent,Adult,Aged,Cardiovascular Diseases,Cholesterol,Female,Humans,Lipoproteins; HDL,Mental Health,Middle Aged,Models; Statistical,Multicenter Studies as Topic,Young Adult}
}

@misc{wickhamGgplot2CreateElegant2021,
  title = {Ggplot2: {{Create}} Elegant Data Visualisations Using the Grammar of Graphics},
  shorttitle = {Ggplot2},
  author = {Wickham, Hadley and Chang, Winston and Henry, Lionel and Pedersen, Thomas Lin and Takahashi, Kohske and Wilke, Claus and Woo, Kara and Yutani, Hiroaki and Dunnington, Dewey and {RStudio}},
  year = {2021},
  month = jun,
  copyright = {MIT + file LICENSE}
}

@misc{wickhamTidyverseEasilyInstall2021,
  title = {Tidyverse: {{Easily}} Install and Load the 'Tidyverse'},
  shorttitle = {Tidyverse},
  author = {Wickham, Hadley and {RStudio}},
  year = {2021},
  month = apr,
  copyright = {MIT + file LICENSE}
}

@article{yangAnalysisCovarianceAgronomy2011,
  title = {Analysis of Covariance in Agronomy and Crop Research},
  author = {Yang, Rong-Cai and Juskiw, Patricia},
  year = {2011},
  month = jul,
  journal = {Can. J. Plant Sci.},
  volume = {91},
  number = {4},
  pages = {621--641},
  issn = {0008-4220, 1918-1833},
  doi = {10/ft84t7}
}

@misc{zhuKableExtraConstructComplex2021,
  title = {{{kableExtra}}: {{Construct}} Complex Table with 'kable' and Pipe Syntax},
  shorttitle = {{{kableExtra}}},
  author = {Zhu, Hao and Travison, Thomas and Tsai, Timothy and Beasley, Will and Xie, Yihui and Yu, GuangChuang and Laurent, St{\'e}phane and Shepherd, Rob and Sidi, Yoni and Salzer, Brian and Gui, George and Fan, Yeliang and Murdoch, Duncan and Evans, Bill},
  year = {2021},
  month = feb,
  copyright = {MIT + file LICENSE}
}


